<?xml version="1.0" encoding="UTF-8"?><collection xmlns="http://www.loc.gov/MARC21/slim"><record><leader>00480nam--2200169-i-4500</leader><controlfield tag="001">000012863</controlfield><controlfield tag="002">20161230</controlfield><controlfield tag="005">20161230201030</controlfield><controlfield tag="008">060222s1000------------r-----000-0-eng-d</controlfield><datafield ind1=" " ind2=" " tag="080"><subfield code="a">514.76</subfield></datafield><datafield ind1=" " ind2=" " tag="100"><subfield code="a">Cheeger,Jeff And Ebin,David G</subfield></datafield><datafield ind1=" " ind2=" " tag="245"><subfield code="a">Comparison theorems in riemannian geometry</subfield></datafield><datafield ind1=" " ind2=" " tag="260"><subfield code="a">Amsterdam,North-holland Publishing Company, 1975</subfield></datafield><datafield ind1=" " ind2=" " tag="300"><subfield code="a">174 p</subfield></datafield><datafield ind1=" " ind2=" " tag="490"><subfield code="a">North-holland Mathematical Library</subfield></datafield><datafield ind1=" " ind2=" " tag="852"><subfield code="a">45937</subfield><subfield code="c">513</subfield></datafield><datafield ind1=" " ind2=" " tag="CAT"><subfield code="a">Sys</subfield><subfield code="c">20080528</subfield><subfield code="h">105348</subfield></datafield></record></collection>